% This file was created with JabRef 2.9.2.
% Encoding: UTF-8

@TECHREPORT{SIRfuture,
  author = { },
  title = {FACTORIES OF THE FUTURE: BEYOND THE LIMITS OF INDUSTRIAL ROBOTICS},
  institution = {Comet Project},
  year = {2011},
  file = {:sir-industrial-robotics.pdf:PDF},
  review = {Tecnologie Meccaniche ‐ Reed Business Information Spa  Organo Ufficiale di UCIMU – Sistemi per Produrre 
	
	 
	
	FACTORIES OF THE FUTURE: BEYOND THE LIMITS OF INDUSTRIAL ROBOTICS
	
	The use of robots to realize high‐precisionmachining opens new scenarios
	in the field of advancedautomation  
	
	The European scientific and technical community knows that the economical and 
	industrial growth of the  old continent requires the development of manufacturing solutions capable of ensuring consistent product 
	quality  and  ability  to  quickly  adapt  to  frequent  and  sudden 
	changes  in  the market,  through  the  use  of  advanced technologies. 
	
	The industrial robotics is the ideal technology platform to build the foundations for a significant innovation 
	in  production  systems.  In  fact,  industrial  robots  combine 
	high  flexibility  and  adaptability,  effective  (re)configurability 
	at  batch  change,  easiness  and  speed  of  programming,  operation 
	robustness  and  complete  integration with  advanced  technology 
	in  the  field  of mechanics,  information  technology  and  mechatronics. 
	Furthermore  the  costs  of  development,  design,  installation 
	and  maintenance  allow  the  implementation of  innovative solutions with very 
	interesting  investment return  indices also for small and  medium‐sized enterprises. 
	
	For these reasons, robotic systems are already widely used  in many fields, from aerospace to automotive 
	industry,  from metallurgical  to  plastics  and  composite materials 
	industry,  from  pharmaceutical  to  food  industry, from ceramic industry to industrial logistics. 
	
	Every  day  thousands  of  the  latest  generation  robots  perform 
	operations  with  high  repeatability  and  consolidated  reliability, 
	such  as  handling, machine  tool  tending,  palletizing  and  logistics, 
	and  carry  out  processes  of  painting  and  glazing,  cutting 
	and welding,  deburring  and  finishing  procedures  or  complex 
	assembly (Figure 1). },
  url = {http://www.cometproject.eu/publications/sir-industrial-robotics.pdf}
}

@MISC{SVMStackOverflow,
  author = {Peter O. (http://stackoverflow.com/users/815724/peter-o)},
  title = {What are advantages of Artificial Neural Networks over Support Vector
	Machines? },
  howpublished = {Stack Overflow},
  note = {URL:http://stackoverflow.com/q/11632516 (version: 2014-03-03)},
  eprint = {http://stackoverflow.com/q/11632516},
  url = {http://stackoverflow.com/q/11632516}
}

@ARTICLE{Melchiorri2013,
  author = {Melchiorri, C. and Palli, G. and Berselli, G. and Vassura, G.},
  title = {Development of the UB Hand IV: Overview of Design Solutions and Enabling
	Technologies},
  journal = {IEEE Robot Autom Mag},
  year = {2013},
  volume = {20},
  pages = {72--81},
  number = {3},
  __markedentry = {[wenbo:6]},
  doi = {10.1109/MRA.2012.2225471},
  owner = {wenbo},
  timestamp = {2014.03.02},
  url = {http://ieeexplore.ieee.org/stamp/stamp.jsp?arnumber=6523131}
}

@MANUAL{mpu6050datasheet,
  title = {MPU6050 Datasheet},
  organization = {InvenSense},
  owner = {wenbo},
  timestamp = {2014.03.21}
}

@MANUAL{pic32datasheet,
  title = {PIC32MX5XX/6XX/7XX Datasheet},
  organization = {Microchip},
  month = {11},
  year = {2012},
  owner = {wenbo},
  timestamp = {2014.03.21}
}

